{
  "leader": "02258cam a2200493 a 4500",
  "fields": [
    {
      "001": "ocm20221411\\"
    },
    {
      "003": "OCoLC"
    },
    {
      "005": "20220712125152.0"
    },
    {
      "008": "890802s1989\\\\\\\\njua\\\\\\\\\\b\\\\\\\\000\\0\\eng\\\\"
    },
    {
      "010": {
        "ind1": "\\",
        "ind2": "\\",
        "subfields": [
          {
            "a": "   89020202 "
          }
        ]
      }
    },
    {
      "040": {
        "ind1": "\\",
        "ind2": "\\",
        "subfields": [
          {
            "a": "DLC"
          },
          {
            "b": "eng"
          },
          {
            "c": "DLC"
          },
          {
            "d": "AGL"
          },
          {
            "d": "UKM"
          },
          {
            "d": "EL{dollar}"
          },
          {
            "d": "MUQ"
          },
          {
            "d": "OCLCQ"
          },
          {
            "d": "BTCTA"
          },
          {
            "d": "YDXCP"
          },
          {
            "d": "BAKER"
          },
          {
            "d": "QE2"
          },
          {
            "d": "GEBAY"
          },
          {
            "d": "BDX"
          },
          {
            "d": "OCLCO"
          },
          {
            "d": "OCLCF"
          },
          {
            "d": "OCLCQ"
          },
          {
            "d": "OCLCO"
          },
          {
            "d": "OCLCQ"
          },
          {
            "d": "DEBBG"
          },
          {
            "d": "DHA"
          },
          {
            "d": "L2U"
          },
          {
            "d": "OCLCQ"
          },
          {
            "d": "OCLCO"
          },
          {
            "d": "TYC"
          },
          {
            "d": "BGAUB"
          },
          {
            "d": "GZM"
          },
          {
            "d": "OCLCQ"
          },
          {
            "d": "OCLCA"
          },
          {
            "d": "BGU"
          },
          {
            "d": "OCLCO"
          },
          {
            "d": "OCLCA"
          },
          {
            "d": "WURST"
          },
          {
            "d": "OCLCA"
          },
          {
            "d": "UKMGB"
          },
          {
            "d": "OCLCA"
          },
          {
            "d": "NLVRD"
          },
          {
            "d": "OCLCO"
          },
          {
            "d": "OKS"
          },
          {
            "d": "OCLCO"
          }
        ]
      }
    },
    {
      "016": {
        "ind1": "7",
        "ind2": "\\",
        "subfields": [
          {
            "a": "006015174"
          },
          {
            "2": "Uk"
          }
        ]
      }
    },
    {
      "019": {
        "ind1": "\\",
        "ind2": "\\",
        "subfields": [
          {
            "a": "1022751113"
          }
        ]
      }
    },
    {
      "020": {
        "ind1": "\\",
        "ind2": "\\",
        "subfields": [
          {
            "a": "0887387861"
          },
          {
            "q": "(pbk.)"
          }
        ]
      }
    },
    {
      "020": {
        "ind1": "\\",
        "ind2": "\\",
        "subfields": [
          {
            "a": "9780887387869"
          },
          {
            "q": "(pbk.)"
          }
        ]
      }
    },
    {
      "020": {
        "ind1": "\\",
        "ind2": "\\",
        "subfields": [
          {
            "a": "0887382827"
          },
          {
            "q": "(hard)"
          }
        ]
      }
    },
    {
      "020": {
        "ind1": "\\",
        "ind2": "\\",
        "subfields": [
          {
            "a": "9780887382826"
          },
          {
            "q": "(hard)"
          }
        ]
      }
    },
    {
      "035": {
        "ind1": "\\",
        "ind2": "\\",
        "subfields": [
          {
            "a": "(OCoLC)20221411"
          },
          {
            "z": "(OCoLC)1022751113"
          }
        ]
      }
    },
    {
      "043": {
        "ind1": "\\",
        "ind2": "\\",
        "subfields": [
          {
            "a": "d------"
          }
        ]
      }
    },
    {
      "050": {
        "ind1": "0",
        "ind2": "0",
        "subfields": [
          {
            "a": "HC59.72.E5"
          },
          {
            "b": "L46 1989"
          }
        ]
      }
    },
    {
      "070": {
        "ind1": "0",
        "ind2": "\\",
        "subfields": [
          {
            "a": "HC59.72.E5L46"
          },
          {
            "b": "1989"
          }
        ]
      }
    },
    {
      "072": {
        "ind1": "\\",
        "ind2": "7",
        "subfields": [
          {
            "a": "P000"
          }
        ]
      }
    },
    {
      "082": {
        "ind1": "0",
        "ind2": "0",
        "subfields": [
          {
            "a": "338.90091724"
          },
          {
            "b": "LEO"
          }
        ]
      }
    },
    {
      "100": {
        "ind1": "1",
        "ind2": "\\",
        "subfields": [
          {
            "a": "Leonard, H. Jeffrey."
          }
        ]
      }
    },
    {
      "245": {
        "ind1": "1",
        "ind2": "0",
        "subfields": [
          {
            "a": "Environment and the poor :"
          },
          {
            "b": "development strategies for a common agenda /"
          },
          {
            "c": "H. Jeffrey Leonard and contributors, Montague Yudelman [and others]."
          }
        ]
      }
    },
    {
      "260": {
        "ind1": "\\",
        "ind2": "\\",
        "subfields": [
          {
            "a": "New Brunswick, USA :"
          },
          {
            "b": "Transaction Books,"
          },
          {
            "c": "\u00a91989."
          }
        ]
      }
    },
    {
      "300": {
        "ind1": "\\",
        "ind2": "\\",
        "subfields": [
          {
            "a": "x, 222 pages :"
          },
          {
            "b": "illustrations ;"
          },
          {
            "c": "23 cm."
          }
        ]
      }
    },
    {
      "336": {
        "ind1": "\\",
        "ind2": "\\",
        "subfields": [
          {
            "a": "text"
          },
          {
            "b": "txt"
          },
          {
            "2": "rdacontent"
          }
        ]
      }
    },
    {
      "337": {
        "ind1": "\\",
        "ind2": "\\",
        "subfields": [
          {
            "a": "unmediated"
          },
          {
            "b": "n"
          },
          {
            "2": "rdamedia"
          }
        ]
      }
    },
    {
      "338": {
        "ind1": "\\",
        "ind2": "\\",
        "subfields": [
          {
            "a": "volume"
          },
          {
            "b": "nc"
          },
          {
            "2": "rdacarrier"
          }
        ]
      }
    },
    {
      "490": {
        "ind1": "1",
        "ind2": "\\",
        "subfields": [
          {
            "a": "U.S.-Third World policy perspectives ;"
          },
          {
            "v": "no. 11"
          }
        ]
      }
    },
    {
      "504": {
        "ind1": "\\",
        "ind2": "\\",
        "subfields": [
          {
            "a": "Includes bibliographical references."
          }
        ]
      }
    },
    {
      "505": {
        "ind1": "2",
        "ind2": "\\",
        "subfields": [
          {
            "a": "The Madagascar challenge : human needs and fragile ecosystems / Alison Jolly."
          }
        ]
      }
    },
    {
      "540": {
        "ind1": "\\",
        "ind2": "\\",
        "subfields": [
          {
            "a": "Current Copyright Fee: GBP20.00"
          },
          {
            "c": "0."
          },
          {
            "5": "Uk"
          }
        ]
      }
    },
    {
      "650": {
        "ind1": "\\",
        "ind2": "0",
        "subfields": [
          {
            "a": "Environmental policy"
          },
          {
            "z": "Developing countries."
          }
        ]
      }
    },
    {
      "650": {
        "ind1": "\\",
        "ind2": "0",
        "subfields": [
          {
            "a": "Economic development"
          },
          {
            "x": "Environmental aspects."
          }
        ]
      }
    },
    {
      "650": {
        "ind1": "\\",
        "ind2": "7",
        "subfields": [
          {
            "a": "Economic development"
          },
          {
            "x": "Environmental aspects."
          },
          {
            "2": "fast"
          },
          {
            "0": "(OCoLC)fst00901808"
          }
        ]
      }
    },
    {
      "650": {
        "ind1": "\\",
        "ind2": "7",
        "subfields": [
          {
            "a": "Environmental policy."
          },
          {
            "2": "fast"
          },
          {
            "0": "(OCoLC)fst00913250"
          }
        ]
      }
    },
    {
      "651": {
        "ind1": "\\",
        "ind2": "7",
        "subfields": [
          {
            "a": "Developing countries."
          },
          {
            "2": "fast"
          },
          {
            "0": "(OCoLC)fst01242969"
          }
        ]
      }
    },
    {
      "830": {
        "ind1": "\\",
        "ind2": "0",
        "subfields": [
          {
            "a": "U.S.-Third World policy perspectives ;"
          },
          {
            "v": "no. 11."
          }
        ]
      }
    },
    {
      "856": {
        "ind1": "4",
        "ind2": "1",
        "subfields": [
          {
            "3": "Table of contents"
          },
          {
            "u": "http://bvbr.bib-bvb.de:8991/F?func=service&doc_library=BVB01&local_base=BVB01&doc_number=002267395&line_number=0001&func_code=DB_RECORDS&service_type=MEDIA"
          }
        ]
      }
    },
    {
      "994": {
        "ind1": "\\",
        "ind2": "\\",
        "subfields": [
          {
            "a": "Z0"
          },
          {
            "b": "NYRVC"
          }
        ]
      }
    },
    {
      "948": {
        "ind1": "\\",
        "ind2": "\\",
        "subfields": [
          {
            "h": "NO HOLDINGS IN NYRVC - 432 OTHER HOLDINGS"
          }
        ]
      }
    },
    {
      "999": {
        "ind1": "\\",
        "ind2": "\\",
        "subfields": [
          {
            "a": "00000000026248"
          }
        ]
      }
    }
  ]
}